@inproceedings{huang2018yolo,
  title={YOLO-LITE: a real-time object detection algorithm optimized for non-GPU computers},
  author={Huang, Rachel and Pedoeem, Jonathan and Chen, Cuixian},
  booktitle={2018 IEEE International Conference on Big Data (Big Data)},
  pages={2503--2510},
  year={2018},
  organization={IEEE}
}
